% Encoding: UTF-8

@article{potter2012determining,
  title={Determining suitable locations for seed transfer under climate change: a global quantitative method},
  author={Potter, Kevin M and Hargrove, William W},
  journal={New Forests},
  volume={43},
  number={5},
  pages={581--599},
  year={2012},
  publisher={Springer}
}

@article{parmesan2003globally,
  title={A globally coherent fingerprint of climate change impacts across natural systems},
  author={Parmesan, Camille and Yohe, Gary},
  journal={nature},
  volume={421},
  number={6918},
  pages={37--42},
  year={2003},
  publisher={Nature Publishing Group}
}

@article{woodall2009indicator,
  title={An indicator of tree migration in forests of the eastern United States},
  author={Woodall, CW and Oswalt, CM and Westfall, JA and Perry, CH and Nelson, MD and Finley, AO},
  journal={Forest Ecology and Management},
  volume={257},
  number={5},
  pages={1434--1444},
  year={2009},
  publisher={Elsevier}
}

@article{root2003fingerprints,
  title={Fingerprints of global warming on wild animals and plants},
  author={Root, Terry L and Price, Jeff T and Hall, Kimberly R and Schneider, Stephen H and Rosenzweig, Cynthia and Pounds, J Alan},
  journal={Nature},
  volume={421},
  number={6918},
  pages={57--60},
  year={2003},
  publisher={Nature Publishing Group}
}
@Comment{jabref-meta: databaseType:bibtex;}
