% Encoding: UTF-8

Article{key,
  author    = {},
  title     = {},
  journal   = {},
  year      = {},
  volume    = {},
  number    = {},
  pages     = {},
  publisher = {},
  url       = {},
}

@Article{tierney2008snow,
  author    = {Tierney, Luke and Rossini Anthony and Li, Na},
  title     = {Snow: A Parallel Computing Framework for the R System},
  journal   = {International Journal of Parallel Programming},
  year      = {2008},
  volume    = {37},
  number    = {1},
  pages     = {78--90},
  publisher = {Boston: Springer US},
  url       = {https://librarysearch.library.utoronto.ca/permalink/01UTORONTO_INST/fedca1/cdi_crossref_primary_10_1007_s10766_008_0077_2},
}

@Article{tang2017parallel,
  author    = {Tang, Zhuo and Liu, Kunkun and Xiao, Jinbo and Yang, Li and Xiao, Zheng},
  title     = {A parallel k‚Äêmeans clustering algorithm based on redundance elimination and extreme points optimization employing MapReduce},
  journal   = {Concurrency and computation},
  year      = {2017},
  volume    = {29},
  number    = {20},
  publisher = {Wiley Subscription Services, Inc},
  url       = {https://librarysearch.library.utoronto.ca/permalink/01UTORONTO_INST/fedca1/cdi_gale_infotracacademiconefile_A505815207},
}

@Article{babatunde2019impact,
  author    = {Babatunde, Gbadamosi and Abidemi Emmanuel, Adeniyi and Roseline Oluwaseun, Ogundokun and Bukola Bunmi, Oladosu and Ehiedu Precious, Anyaiwe},
  title     = {Impact of Climatic Change on Agricultural Product Yield Using K-Means and Multiple Linear Regressions},
  journal   = {International Journal of Education and Management Engineering},
  year      = {2019},
  volume    = {9},
  number    = {3},
  pages     = {16--26},
  publisher = {Hong Kong: Modern Education and Computer Science Press},
  url       = {https://librarysearch.library.utoronto.ca/permalink/01UTORONTO_INST/fedca1/cdi_proquest_journals_2228494916},
}

@Article{jain2010data,
  author    = {Jain, Anil},
  title     = {Data clustering: 50 years beyond K-means},
  journal   = {Pattern recognition letters},
  year      = {2010},
  volume    = {31},
  number    = {8},
  pages     = {651--666},
  publisher = {Amsterdam: Elsevier B.V},
  url       = {https://librarysearch.library.utoronto.ca/permalink/01UTORONTO_INST/fedca1/cdi_crossref_primary_10_1016_j_patrec_2009_09_011},
}



@Comment{jabref-meta: databaseType:bibtex;}
