% Encoding: UTF-8

@Article{khan2004cluster,
  author    = {Khan, Shehroz and Ahmad, Amir},
  title     = {Cluster center initialization algorithm for K-means clustering},
  journal   = {Pattern Recognition Letters},
  year      = {2004},
  volume    = {25},
  number    = {11},
  pages     = {1293--1302},
  url       = {https://www.sciencedirect.com/science/article/pii/S0167865504000996},
  doi       = {10.1016/j.patrec.2004.04.007},
}

@Article{pourahmad2020does,
  author    = {Pourahmad, Saeedeh and Basirat, Atefeh and Rahimi, Amir and Doostfatemeh, Marziyeh and Karaman, Rafik},
  title     = {Does Determination of Initial Cluster Centroids Improve the Performance of K-Means Clustering Algorithm? Comparison of Three Hybrid Methods by Genetic Algorithm, Minimum Spanning Tree, and Hierarchical Clustering in an Applied Study},
  journal   = {Computational and mathematical methods in medicine},
  year      = {2020},
  volume    = {2020},
  pages     = {7636857--11},
  doi       = {10.1155/2020/7636857},
}

@Article{kumar2011parallel,
	author    = {Kumara, Jitendra and Millsa, Richard and Hoffmana, Forrest and Hargrove, William},
  title     = {Parallel k-Means Clustering for Quantitative Ecoregion Delineation Using Large Data Sets},
  journal   = {Procedia Computer Science},
  year      = {2011},
  volume    = {4},
  pages     = {1602â€“-1611},
  doi       = {10.1016/j.procs.2011.04.173},
}

@Article{aliguliyev2021parallel,
	author    = {Alguliyev, Rasim and Aliguliyev, Ramiz and Sukhostat, Lyudmila},
  title     = {Parallel batch k-means for Big data clustering},
  journal   = {Computers \& Industrial Engineering},
  year      = {2021},
  volume    = {152},
  doi       = {10.1016/j.cie.2020.107023},
}
@Comment{jabref-meta: databaseType:bibtex;}
