% Encoding: UTF-8

@Article{olson2001terrestrial,
  author    = {Olson, David M and Dinerstein, Eric and Wikramanayake, Eric D and Burgess, Neil D and Powell, George VN and Underwood, Emma C and D'amico, Jennifer A and Itoua, Illanga and Strand, Holly E and Morrison, John C and others},
  title     = {Terrestrial Ecoregions of the World: A New Map of Life on Earth},
  journal   = {Bio},
  year      = {2001},
  volume    = {59},
  number    = {11},
  pages     = {933--938},
  publisher = {Oxford University Press},
  url       = {https://academic-oup-com.myaccess.library.utoronto.ca/bioscience/article/51/11/933/227116},
}

@Article{ellis2008putting,
  author    = {Ellis, Erle C and Ramankutty, Navin},
  title     = {Putting people in the map: anthropogenic biomes of the world},
  journal   = {Frontiers in Ecology and the Environment},
  year      = {2008},
  volume    = {6},
  number    = {8},
  pages     = {439--447},
  publisher = {Wiley Online Library},
  url       = {https://www.jstor.org/stable/20440966},
}

@Article{pathak2018climate,
  author    = {Pathak, Tapan B and Maskey, Mahesh L and Dahlberg, Jeffery A and Kearns, Faith and Bali, Khaled M and Zaccaria, Daniele},
  title     = {Climate change trends and impacts on California agriculture: a detailed review},
  journal   = {Agronomy},
  year      = {2018},
  volume    = {8},
  number    = {3},
  pages     = {25},
  publisher = {Multidisciplinary Digital Publishing Institute},
}

@Article{hofierka2017parallel,
  title = {Parallelization of interpolation, solar radiation and water flow simulation modules in GRASS GIS using OpenMP},
  journal = {Computers \& Geosciences},
  volume = {107},
  pages = {20-27},
  year = {2017},
  issn = {0098-3004},
  doi = {https://doi.org/10.1016/j.cageo.2017.07.007},
  url = {https://www.sciencedirect.com/science/article/pii/S0098300416308354},
  author = {Jaroslav Hofierka and Michal Lacko and Stanislav Zubal},
}

@misc{jones2017quick,
  author       = {Jones, Matt},
  title        = {Quick Intro to Parallel Computing in R},
  howpublished = {\url{https://nceas.github.io/oss-lessons/parallel-computing-in-r/parallel-computing-in-r.html}},
  year         = {2017}
}

@misc{rubia2017multicore,
  author       = {Rubia, Eduardo A},
  title        = {Multicore Data Science with R and Python},
  howpublished = {\url{https://blog.dominodatalab.com/multicore-data-science-r-python/}},
  year         = {2017}
}

@Comment{jabref-meta: databaseType:bibtex;}
