% Encoding: UTF-8

Article{key,
  author    = {},
  title     = {},
  journal   = {},
  year      = {},
  volume    = {},
  number    = {},
  pages     = {},
  publisher = {},
  url       = {},
}

@Article{kroodsma2006carbon,
  author    = {Kroodsma, David and Field, Christopher},
  title     = {Carbon Sequestration in California Agriculture, 1980-2000},
  journal   = {Ecological applications},
  year      = {2006},
  volume    = {16},
  number    = {5},
  pages     = {1975--1985},
  publisher = {Ecological Society of America},
  url       = {https://librarysearch.library.utoronto.ca/permalink/01UTORONTO_INST/fedca1/cdi_proquest_miscellaneous_69000885},
}

@Article{lobell2011climate,
  author    = {Lobell, David and Torney, Angela and Field, Christopher},
  title     = {Climate extremes in California agriculture: California Second Assessment: New Climate Change Impact Studies and Implications for Adaptation},
  journal   = {Climatic change},
  year      = {2011},
  volume    = {109},
  publisher = {Springer},
  url       = {https://librarysearch.library.utoronto.ca/permalink/01UTORONTO_INST/fedca1/cdi_pascalfrancis_primary_25390734},
}

@Article{reilly2003us,
  author    = {Reilly, J and Tubiello, F and McCarl, B and Abler, D and Darwin, R and Fuglie, K and Hollinger, S and Izaurralde, C and Jagtap, S and Jones, J and Mearns, L and Ojima, D and Paul, E and Paustian, K and Riha, S and Rosenberg, N and Rosenzweig, C},
  title     = {U.S. Agriculture and Climate Change: New Results},
  journal   = {Climatic change},
  year      = {2003},
  volume    = {57},
  number    = {1},
  pages     = {43--67},
  publisher = {Kluwer Academic Publishers},
  url       = {https://librarysearch.library.utoronto.ca/permalink/01UTORONTO_INST/fedca1/cdi_pascalfrancis_primary_14545019},
}

@Article{havstad2018vulnerabilities,
  author    = {Havstad, K M and Brown, J R and Estell, R and Elias, E and Rango, A and Steele, C and Gutzler, David S and Maxwell, Connie J and Maxwell, Connie J},
  title     = {Vulnerabilities of Southwestern U.S. Rangeland-based animal agriculture to climate change},
  journal   = {Climatic change},
  year      = {2018},
  volume    = {148},
  number    = {3},
  pages     = {371--386},
  publisher = {Springer Netherlands},
  url       = {https://librarysearch.library.utoronto.ca/permalink/01UTORONTO_INST/fedca1/cdi_springer_primary_2018_10584_148_3_1834},
}


@Article{reid2007vulnerability,
  author    = {Reid, Susanna and Smit, Barry and Caldwell, Wayne and Belliveau, Suzanne},
  title     = {Vulnerability and adaptation to climate risks in Ontario agriculture},
  journal   = {Mitigation and adaptation strategies for global change},
  year      = {2007},
  volume    = {12},
  number    = {4},
  pages     = {609--637},
  publisher = {Kluwer Academic Publishers},
  url       = {https://librarysearch.library.utoronto.ca/permalink/01UTORONTO_INST/fedca1/cdi_proquest_journals_745961029},
}


@Article{chapagain2017farming,
  author    = {Chapagain, Tejendra},
  title     = {Farming in Northern Ontario: Untapped Potential for the Future},
  journal   = {Agronomy (Basel)},
  year      = {2017},
  volume    = {7},
  number    = {3},
  pages     = {59},
  publisher = {MDPI AG},
  url       = {https://librarysearch.library.utoronto.ca/permalink/01UTORONTO_INST/fedca1/cdi_doaj_primary_oai_doaj_org_article_125b7b12d48a41b687aa8806cc59fc19},
}


@Comment{jabref-meta: databaseType:bibtex;}
