% Encoding: UTF-8

@article{brungard2021regional,
  title={Regional ensemble modeling reduces uncertainty for digital soil mapping},
  author={Brungard, Colby and Nauman, Travis and Duniway, Mike and Veblen, Kari and Nehring, Kyle and White, David and Salley, Shawn and Anchang, Julius},
  journal={Geoderma},
  volume={397},
  pages={114998},
  year={2021},
  publisher={Elsevier}
}

@article{davenport2021using,
  title={Using machine learning to analyze physical causes of climate change: A case study of US Midwest extreme precipitation},
  author={Davenport, Frances V and Diffenbaugh, Noah S},
  journal={Geophysical Research Letters},
  volume={48},
  number={15},
  pages={e2021GL093787},
  year={2021},
  publisher={Wiley Online Library}
}

@article{ximenes2021mapping,
  title={Mapping the terrestrial ecoregions of the Purus-Madeira interfluve in the Amazon Forest using machine learning techniques},
  author={Ximenes, Arimat{\'e}a C and Amaral, Silvana and Monteiro, Ant{\^o}nio Miguel Vieira and Almeida, Rodolfo Maduro and Valeriano, Dalton Morrison},
  journal={Forest Ecology and Management},
  volume={488},
  pages={118960},
  year={2021},
  publisher={Elsevier}
}

@Comment{jabref-meta: databaseType:bibtex;}
