% Encoding: UTF-8

%May 18
@misc{tinakarimi2020,
  author       = {Tinakarimi},
  title        = {Parallel processing with R on Windows},
  howpublished = {\url{https://waterprogramming.wordpress.com/2020/03/16/parallel-processing-with-r-on-windows/}},
  year         = {2020}
}

@misc{martius2020,
  author       = {Martius, Soren},
  title        = {How to use Multithreading and Multiprocessing — A Beginner’s guide to parallel and concurrent programming},
  howpublished = {\url{https://medium.com/mineiros/how-to-use-multithreading-and-multiprocessing-a-beginners-guide-to-parallel-and-concurrent-a69b9dd21e9d}},
  year         = {2020}
}

@misc{gera2020,
  author       = {Gera, Imre},
  title        = {Parallelization caveats in R \#1: performance issues},
  howpublished = {\url{https://towardsdatascience.com/parallelization-caveats-in-r-1-the-basics-multiprocessing-and-multithreading-performance-eb584b7e850e?gi=15eed98ffb65}},
  year         = {2020}
}

@misc{hallquist2018,
  author       = {Hallquist, Michael},
  title        = {Parallel computing in R},
  howpublished = {\url{https://psu-psychology.github.io/r-bootcamp-2018/talks/parallel_r.html#conceptual_overview_of_parallel_computing}},
  year         = {2018}
}

@Article{ipcc2000,
  author    = {Nakicenovic, Nebojsa and Swart, Rob},
  title     = {Emissions Scenarios},
  year      = {2000},
  publisher = {Cambridge University Press},
  url       = {https://www.ipcc.ch/report/emissions-scenarios/},
}

@Comment{jabref-meta: databaseType:bibtex;}
