% Encoding: UTF-8

Article{key,
  author    = {},
  title     = {},
  journal   = {},
  year      = {},
  volume    = {},
  number    = {},
  pages     = {},
  publisher = {},
  url       = {},
}

@Article{kroodsma2006carbon,
  author    = {Kroodsma, David and Field, Christopher},
  title     = {Carbon Sequestration in California Agriculture, 1980-2000},
  journal   = {Ecological applications},
  year      = {2006},
  volume    = {16},
  number    = {5},
  pages     = {1975--1985},
  publisher = {Ecological Society of America},
  url       = {https://librarysearch.library.utoronto.ca/permalink/01UTORONTO_INST/fedca1/cdi_proquest_miscellaneous_69000885},
}

@Article{lobell2011climate,
  author    = {Lobell, David and Torney, Angela and Field, Christopher},
  title     = {Climate extremes in California agriculture: California Second Assessment: New Climate Change Impact Studies and Implications for Adaptation},
  journal   = {Climatic change},
  year      = {2011},
  volume    = {109},
  publisher = {Springer},
  url       = {https://librarysearch.library.utoronto.ca/permalink/01UTORONTO_INST/fedca1/cdi_pascalfrancis_primary_25390734},
}

@Article{reilly2003us,
  author    = {Reilly, J and Tubiello, F and McCarl, B and Abler, D and Darwin, R and Fuglie, K and Hollinger, S and Izaurralde, C and Jagtap, S and Jones, J and Mearns, L and Ojima, D and Paul, E and Paustian, K and Riha, S and Rosenberg, N and Rosenzweig, C},
  title     = {U.S. Agriculture and Climate Change: New Results},
  journal   = {Climatic change},
  year      = {2003},
  volume    = {57},
  number    = {1},
  pages     = {43--67},
  publisher = {Kluwer Academic Publishers},
  url       = {https://librarysearch.library.utoronto.ca/permalink/01UTORONTO_INST/fedca1/cdi_pascalfrancis_primary_14545019},
}

@Article{havstad2018vulnerabilities,
  author    = {Havstad, K M and Brown, J R and Estell, R and Elias, E and Rango, A and Steele, C and Gutzler, David S and Maxwell, Connie J and Maxwell, Connie J},
  title     = {Vulnerabilities of Southwestern U.S. Rangeland-based animal agriculture to climate change},
  journal   = {Climatic change},
  year      = {2018},
  volume    = {148},
  number    = {3},
  pages     = {371--386},
  publisher = {Springer Netherlands},
  url       = {https://librarysearch.library.utoronto.ca/permalink/01UTORONTO_INST/fedca1/cdi_springer_primary_2018_10584_148_3_1834},
}


@Article{reid2007vulnerability,
  author    = {Reid, Susanna and Smit, Barry and Caldwell, Wayne and Belliveau, Suzanne},
  title     = {Vulnerability and adaptation to climate risks in Ontario agriculture},
  journal   = {Mitigation and adaptation strategies for global change},
  year      = {2007},
  volume    = {12},
  number    = {4},
  pages     = {609--637},
  publisher = {Kluwer Academic Publishers},
  url       = {https://librarysearch.library.utoronto.ca/permalink/01UTORONTO_INST/fedca1/cdi_proquest_journals_745961029},
}


@Article{chapagain2017farming,
  author    = {Chapagain, Tejendra},
  title     = {Farming in Northern Ontario: Untapped Potential for the Future},
  journal   = {Agronomy (Basel)},
  year      = {2017},
  volume    = {7},
  number    = {3},
  pages     = {59},
  publisher = {MDPI AG},
  url       = {https://librarysearch.library.utoronto.ca/permalink/01UTORONTO_INST/fedca1/cdi_doaj_primary_oai_doaj_org_article_125b7b12d48a41b687aa8806cc59fc19},
}

@article{mhembere2017knor,
  author    = {Disa Mhembere and Da Zheng and Joshua T. Vogelstein and Carey E. Priebe and Randal C. Burns},
  title     = {knor: NUMA-optimized In-memory and Semi-external-memory Parameterized Clustering},
  journal   = {CoRR},
  volume    = {abs/1606.08905},
  year      = {2016},
  url       = {http://arxiv.org/abs/1606.08905},
  archivePrefix = {arXiv},
  eprint    = {1606.08905},
  timestamp = {Mon, 13 Aug 2018 16:47:15 +0200},
  biburl    = {https://dblp.org/rec/journals/corr/MhembereZVPB16.bib},
  bibsource = {dblp computer science bibliography, https://dblp.org}
}
@article{mhembere2021clusternor,
  author    = {Disa Mhembere and Da Zheng and Carey E. Priebe and Joshua T. Vogelstein and Randal C. Burns},
  title     = {clusterNOR: {A} NUMA-Optimized Clustering Framework},
  journal   = {CoRR},
  volume    = {abs/1902.09527},
  year      = {2019},
  url       = {http://arxiv.org/abs/1902.09527},
  archivePrefix = {arXiv},
  eprint    = {1902.09527},
  timestamp = {Tue, 21 May 2019 18:03:38 +0200},
  biburl    = {https://dblp.org/rec/journals/corr/abs-1902-09527.bib},
  bibsource = {dblp computer science bibliography, https://dblp.org}
}

@Article{bittner2011vagueness,
  author    = {Bittner, Thomas},
  title     = {Vagueness and the trade-off between the classification and delineation of geographic regions - an ontological analysis},
  journal   = {International journal of geographical information science},
  year      = {2011},
  volume    = {25},
  number    = {5},
  pages     = {825--850},
  publisher = {Taylor & Francis},
  url       = {https://librarysearch.library.utoronto.ca/permalink/01UTORONTO_INST/fedca1/cdi_crossref_primary_10_1080_13658816_2010_503191},
}

@Article{kong2013freshwater,
  author    = {Kong, Weijing and Meng, Wei and Zhang, Yuan and Gippel, Christopher and Qu, Xiaodong},
  title     = {A freshwater ecoregion delineation approach based on freshwater macroinvertebrate community features and spatial environmental data in Taizi River Basin, northeastern China},
  journal   = {Ecological research},
  year      = {2013},
  volume    = {28},
  number    = {4},
  pages     = {581--592},
  publisher = {Springer Japan},
  url       = {https://librarysearch.library.utoronto.ca/permalink/01UTORONTO_INST/fedca1/cdi_springer_primary_2013_11284_28_4_1048},
}

@Comment{jabref-meta: databaseType:bibtex;}
