% Encoding: UTF-8

@Article{olson2001terrestrial,
  author    = {Olson, David M and Dinerstein, Eric and Wikramanayake, Eric D and Burgess, Neil D and Powell, George VN and Underwood, Emma C and D'amico, Jennifer A and Itoua, Illanga and Strand, Holly E and Morrison, John C and others},
  title     = {Terrestrial Ecoregions of the World: A New Map of Life on Earth},
  journal   = {BioScience},
  year      = {2001},
  volume    = {51},
  number    = {11},
  pages     = {933--938},
  publisher = {Oxford University Press},
  url       = {https://academic-oup-com.myaccess.library.utoronto.ca/bioscience/article/51/11/933/227116},
}

@Article{ellis2008putting,
  author    = {Ellis, Erle C and Ramankutty, Navin},
  title     = {Putting people in the map: anthropogenic biomes of the world},
  journal   = {Frontiers in Ecology and the Environment},
  year      = {2008},
  volume    = {6},
  number    = {8},
  pages     = {439--447},
  publisher = {Wiley Online Library},
  url       = {https://www.jstor.org/stable/20440966},
}

@Article{pathak2018climate,
  author    = {Pathak, Tapan B and Maskey, Mahesh L and Dahlberg, Jeffery A and Kearns, Faith and Bali, Khaled M and Zaccaria, Daniele},
  title     = {Climate change trends and impacts on California agriculture: a detailed review},
  journal   = {Agronomy},
  year      = {2018},
  volume    = {8},
  number    = {3},
  pages     = {25},
  publisher = {Multidisciplinary Digital Publishing Institute},
}

@Article{peng2017economic,
  author    = {Zhang, Peng and Zhang, Junjie and Chen, Minpeng},
  title     = {Economic impacts of climate change on agriculture: The importance of additional climatic variables other than temperature and precipitation},
  journal   = {Journal of environmental economics and management},
  year      = {2017},
  volume    = {83},
  pages     = {8--31},
  publisher = {Elsevier Inc},
  url       = {https://librarysearch.library.utoronto.ca/permalink/01UTORONTO_INST/fedca1/cdi_gale_infotracacademiconefile_A518366816},
}

@Article{wang2019potential,
  author    = {Wang, Chun-Jing and Li, Qiang-Feng and Wan, Ji-Zhong},
  title     = {Potential invasive plant expansion in global ecoregions under climate change},
  journal   = {PeerJ},
  year      = {2019},
  volume    = {7},
  pages     = {e6479},
  publisher = {PeerJ, Inc},
  url       = {https://librarysearch.library.utoronto.ca/permalink/01UTORONTO_INST/fedca1/cdi_doaj_primary_oai_doaj_org_article_5fd046598265445bae26dc33adce7a7c},
}

@Article{carruthers2003invasive,
  author    = {Carruthers, Raymond},
  title     = {Invasive species research in the United States Department of Agriculture-Agricultural Research Service},
  journal   = {Pest Management Science},
  year      = {2003},
  volume    = {55},
  number    = {6--7},
  pages     = {827--834},
  publisher = {John Wiley & Sons, Ltd},
  url       = {https://librarysearch.library.utoronto.ca/permalink/01UTORONTO_INST/fedca1/cdi_proquest_miscellaneous_73439529},
}

@Article{jain2010data,
  author    = {Jain, Anil},
  title     = {Data clustering: 50 years beyond K-means},
  journal   = {Pattern recognition letters},
  year      = {2010},
  volume    = {31},
  number    = {8},
  pages     = {651--666},
  publisher = {Elsevier B.V},
  url       = {https://librarysearch.library.utoronto.ca/permalink/01UTORONTO_INST/fedca1/cdi_crossref_primary_10_1016_j_patrec_2009_09_011},
}

@Article{tierney2008snow,
  author    = {Tierney, Luke and Rossini Anthony and Li, Na},
  title     = {Snow: A Parallel Computing Framework for the R System},
  journal   = {International Journal of Parallel Programming},
  year      = {2008},
  volume    = {37},
  number    = {1},
  pages     = {78--90},
  publisher = {Springer US},
  url       = {https://librarysearch.library.utoronto.ca/permalink/01UTORONTO_INST/fedca1/cdi_crossref_primary_10_1007_s10766_008_0077_2},
}

@Article{tang2017parallel,
  author    = {Tang, Zhuo and Liu, Kunkun and Xiao, Jinbo and Yang, Li and Xiao, Zheng},
  title     = {A parallel k‐means clustering algorithm based on redundance elimination and extreme points optimization employing MapReduce},
  journal   = {Concurrency and computation},
  year      = {2017},
  volume    = {29},
  number    = {20},
  publisher = {Wiley Subscription Services, Inc},
  url       = {https://librarysearch.library.utoronto.ca/permalink/01UTORONTO_INST/fedca1/cdi_gale_infotracacademiconefile_A505815207},
}

@book{globaleco2014a,
  author    = {Sayre, Roger and Dangermond, Jack and Frye, Charlie and Vaughan, Randy and Aniello, Peter and Breyer, Sean and Cribbs, 
  Douglas and Hopkins, Dabney and Nauman, Richard and Derrenbacher, William and Wright, Dawn and Brown, Clint and Convis, Charles and 
  Smith, Jonathan and Benson, Laurence and VanSistine, D. Paco and Warner, Harumi and Cress, Jill and Danielson, Jeffery and Hamann, Sharon and
  Cecere, Tom and Reddy, Ashwan and Burton, Devon and Grosse, Andrea and True, Diane and Metzger, Marc and Hartmann, Jens and 
  Moosdorf, Nils and Dürr, Hans and Paganini, Marc and DeFourny, Pierre and Arino, Olivier and Maynard, Simone and Anderson, Mark and Comer, Patrick},
  title     = {A New Map of Global Ecological Land Units — An Ecophysiographic Stratification Approach},
  year      = {2014},
  publisher = {Association of American Geographers},
}

@book{IPCC2000emissions,
  author         = {Nakicenovic, Nebojsa and Swart, Rob},
  title          = {Emissions Scenerio},
  publisher      = {Cambridge University Press},
  year           = {2000}
}

@Article{hargrove1999using,
  author    = {Hargrove, William and Hoffman, Forrest},
  title     = {Using multivariate clustering to characterize ecoregion borders},
  journal   = {Computing in science \& engineering},
  year      = {1999},
  volume    = {1},
  number    = {4},
  pages     = {18--25},
  publisher = {IEEE},
  url       = {https://librarysearch.library.utoronto.ca/permalink/01UTORONTO_INST/fedca1/cdi_crossref_primary_10_1109_5992_774837},
}

@Article{kumar2011parallel,
  author    = {Kumar, Jitendra and Mills, Richard and Hoffman, Forrest and Hargrove, William},
  title     = {Parallel k-Means Clustering for Quantitative Ecoregion Delineation Using Large Data Sets},
  journal   = {Procedia computer science},
  year      = {2011},
  volume    = {4},
  pages     = {1602--1611},
  publisher = {Elsevier B.V},
  url       = {https://librarysearch.library.utoronto.ca/permalink/01UTORONTO_INST/fedca1/cdi_crossref_primary_10_1016_j_procs_2011_04_173},
}

@Article{dunn1973a,
  author    = {Dunn, James Churchill},
  title     = {A Fuzzy Relative of the ISODATA Process and Its Use in Detecting Compact Well-Separated Clusters},
  journal   = {Journal of cybernetics},
  year      = {1973},
  volume    = {3},
  number    = {3},
  pages     = {32--57},
  publisher = {Taylor & Francis Group},
  url       = {https://librarysearch.library.utoronto.ca/permalink/01UTORONTO_INST/fedca1/cdi_crossref_primary_10_1080_01969727308546046},
}

@inproceedings{pelleg1999accelerating,
  author    = {Pelleg, Dan and Moore, Andrew},
  title     = {Accelerating exact k -means algorithms with geometric reasoning},
  booktitle = {Proceedings of the Fifth ACM SIGKDD International Conference on Knowledge Discovery and Data Mining},
  year      = {1999},
  pages     = {277--281},
  publisher = {Association for Computing Machinery},
  url       = {https://librarysearch.library.utoronto.ca/permalink/01UTORONTO_INST/fedca1/cdi_acm_primary_312248},
}

@Article{scholkopf1998nonlinear,
  author    = {Schölkopf, Bernhard and Smola, Alexander and Müller, Klaus-Robert},
  title     = {Nonlinear Component Analysis as a Kernel Eigenvalue Problem},
  journal   = {Neural computation},
  year      = {1998},
  volume    = {10},
  number    = {5},
  pages     = {1299--1319},
  publisher = {MIT Press},
  url       = {https://librarysearch.library.utoronto.ca/permalink/01UTORONTO_INST/fedca1/cdi_crossref_primary_10_1162_089976698300017467},
}

@Article{cuomo2019a,
  author    = {Cuomo, Salvatore and De Angelis, Vincenzo and Farina, Gennaro and Marcellino, Livia and Toraldo, Gerardo},
  title     = {A GPU-accelerated parallel K-means algorithm},
  journal   = {Computers \& electrical engineering},
  year      = {2019},
  volume    = {75},
  pages     = {262--274},
  publisher = {Elsevier Ltd},
  url       = {https://librarysearch.library.utoronto.ca/permalink/01UTORONTO_INST/fedca1/cdi_crossref_primary_10_1016_j_compeleceng_2017_12_002},
}

Article{key,
  author    = {},
  title     = {},
  journal   = {},
  year      = {},
  volume    = {},
  number    = {},
  pages     = {},
  publisher = {},
  url       = {},
}

@Comment{jabref-meta: databaseType:bibtex;}
