% Encoding: UTF-8

Article{key,
  author    = {},
  title     = {},
  journal   = {},
  year      = {},
  volume    = {},
  number    = {},
  pages     = {},
  publisher = {},
  url       = {},
}

@Article{cuomo2019a,
  author    = {Cuomo, Salvatore and De Angelis, Vincenzo and Farina, Gennaro and Marcellino, Livia and Toraldo, Gerardo},
  title     = {A GPU-accelerated parallel K-means algorithm},
  journal   = {Computers \& electrical engineering},
  year      = {2019},
  volume    = {75},
  pages     = {262--274},
  publisher = {Elsevier Ltd},
  url       = {https://librarysearch.library.utoronto.ca/permalink/01UTORONTO_INST/fedca1/cdi_crossref_primary_10_1016_j_compeleceng_2017_12_002},
}

@Article{jain2010data,
  author    = {Jain, Anil},
  title     = {Data clustering: 50 years beyond K-means},
  journal   = {Pattern recognition letters},
  year      = {2010},
  volume    = {31},
  number    = {8},
  pages     = {651--666},
  publisher = {Elsevier B.V},
  url       = {https://librarysearch.library.utoronto.ca/permalink/01UTORONTO_INST/fedca1/cdi_crossref_primary_10_1016_j_patrec_2009_09_011},
}

@Article{dunn1973a,
  author    = {Dunn, James Churchill},
  title     = {A Fuzzy Relative of the ISODATA Process and Its Use in Detecting Compact Well-Separated Clusters},
  journal   = {Journal of cybernetics},
  year      = {1973},
  volume    = {3},
  number    = {3},
  pages     = {32--57},
  publisher = {Taylor & Francis Group},
  url       = {https://librarysearch.library.utoronto.ca/permalink/01UTORONTO_INST/fedca1/cdi_crossref_primary_10_1080_01969727308546046},
}

@inproceedings{pelleg1999accelerating,
  author    = {Pelleg, Dan and Moore, Andrew},
  title     = {Accelerating exact k -means algorithms with geometric reasoning},
  booktitle = {Proceedings of the Fifth ACM SIGKDD International Conference on Knowledge Discovery and Data Mining},
  year      = {1999},
  pages     = {277--281},
  publisher = {Association for Computing Machinery},
  url       = {https://librarysearch.library.utoronto.ca/permalink/01UTORONTO_INST/fedca1/cdi_acm_primary_312248},
}

@Article{scholkopf1998nonlinear,
  author    = {Schölkopf, Bernhard and Smola, Alexander and Müller, Klaus-Robert},
  title     = {Nonlinear Component Analysis as a Kernel Eigenvalue Problem},
  journal   = {Neural computation},
  year      = {1998},
  volume    = {10},
  number    = {5},
  pages     = {1299--1319},
  publisher = {MIT Press},
  url       = {https://librarysearch.library.utoronto.ca/permalink/01UTORONTO_INST/fedca1/cdi_crossref_primary_10_1162_089976698300017467},
}


@Comment{jabref-meta: databaseType:bibtex;}
