% Encoding: UTF-8

Article{key,
  author    = {},
  title     = {},
  journal   = {},
  year      = {},
  volume    = {},
  number    = {},
  pages     = {},
  publisher = {},
  url       = {},
}

@Article{peng2017economic,
  author    = {Zhang, Peng and Zhang, Junjie and Chen, Minpeng},
  title     = {Economic impacts of climate change on agriculture: The importance of additional climatic variables other than temperature and precipitation},
  journal   = {Journal of environmental economics and management},
  year      = {2017},
  volume    = {83},
  pages     = {8--31},
  publisher = {Elsevier Inc},
  url       = {https://librarysearch.library.utoronto.ca/permalink/01UTORONTO_INST/fedca1/cdi_gale_infotracacademiconefile_A518366816},
}

@Article{wang2019potential,
  author    = {Wang, Chun-Jing and Li, Qiang-Feng and Wan, Ji-Zhong},
  title     = {Potential invasive plant expansion in global ecoregions under climate change},
  journal   = {PeerJ},
  year      = {2019},
  volume    = {7},
  pages     = {e6479},
  publisher = {United States: PeerJ, Inc},
  url       = {https://librarysearch.library.utoronto.ca/permalink/01UTORONTO_INST/fedca1/cdi_doaj_primary_oai_doaj_org_article_5fd046598265445bae26dc33adce7a7c},
}

@Article{carruthers2003invasive,
  author    = {Carruthers, Raymond},
  title     = {Invasive species research in the United States Department of Agriculture-Agricultural Research Service},
  journal   = {Pest Management Science},
  year      = {2003},
  volume    = {55},
  number    = {6--7},
  pages     = {827--834},
  publisher = {Chichester, UK: John Wiley & Sons, Ltd},
  url       = {https://librarysearch.library.utoronto.ca/permalink/01UTORONTO_INST/fedca1/cdi_proquest_miscellaneous_73439529},
}

@Comment{jabref-meta: databaseType:bibtex;}
