% Encoding: UTF-8

@article{potter2012determining,
  title={Determining suitable locations for seed transfer under climate change: a global quantitative method},
  author={Potter, Kevin M and Hargrove, William W},
  journal={New Forests},
  volume={43},
  number={5},
  pages={581--599},
  year={2012},
  publisher={Springer}
}

@article{parmesan2003globally,
  title={A globally coherent fingerprint of climate change impacts across natural systems},
  author={Parmesan, Camille and Yohe, Gary},
  journal={nature},
  volume={421},
  number={6918},
  pages={37--42},
  year={2003},
  publisher={Nature Publishing Group}
}

@article{woodall2009indicator,
  title={An indicator of tree migration in forests of the eastern United States},
  author={Woodall, CW and Oswalt, CM and Westfall, JA and Perry, CH and Nelson, MD and Finley, AO},
  journal={Forest Ecology and Management},
  volume={257},
  number={5},
  pages={1434--1444},
  year={2009},
  publisher={Elsevier}
}

@article{root2003fingerprints,
  title={Fingerprints of global warming on wild animals and plants},
  author={Root, Terry L and Price, Jeff T and Hall, Kimberly R and Schneider, Stephen H and Rosenzweig, Cynthia and Pounds, J Alan},
  journal={Nature},
  volume={421},
  number={6918},
  pages={57--60},
  year={2003},
  publisher={Nature Publishing Group}
}


@article{van2007climates,
  title={Climates create cultures},
  author={Van de Vliert, Evert},
  journal={Social and Personality Psychology Compass},
  volume={1},
  number={1},
  pages={53--67},
  year={2007},
  publisher={Wiley Online Library}
}

@incollection{van2012climate,
  title={Climate, cash, and culturally embedded happiness},
  author={Van de Vliert, Evert},
  booktitle={Happiness Across Cultures},
  pages={399--416},
  year={2012},
  publisher={Springer}
}

@article{van2004colder,
  title={Do colder and hotter climates make richer societies more, but poorer societies less, happy and altruistic?},
  author={Van de Vliert, Evert and Huang, Xu and Parker, Philip M},
  journal={Journal of Environmental Psychology},
  volume={24},
  number={1},
  pages={17--30},
  year={2004},
  publisher={Elsevier}
}

@incollection{diener2009factors,
  title={Factors predicting the subjective well-being of nations},
  author={Diener, Ed and Diener, Marissa and Diener, Carol},
  booktitle={Culture and well-being},
  pages={43--70},
  year={2009},
  publisher={Springer}
}

@Comment{jabref-meta: databaseType:bibtex;}
