% Encoding: UTF-8

@article{brungard2021regional,
  title={Regional ensemble modeling reduces uncertainty for digital soil mapping},
  author={Brungard, Colby and Nauman, Travis and Duniway, Mike and Veblen, Kari and Nehring, Kyle and White, David and Salley, Shawn and Anchang, Julius},
  journal={Geoderma},
  volume={397},
  pages={114998},
  year={2021},
  publisher={Elsevier}
}

@article{davenport2021using,
  title={Using machine learning to analyze physical causes of climate change: A case study of US Midwest extreme precipitation},
  author={Davenport, Frances V and Diffenbaugh, Noah S},
  journal={Geophysical Research Letters},
  volume={48},
  number={15},
  pages={e2021GL093787},
  year={2021},
  publisher={Wiley Online Library}
}

@article{ximenes2021mapping,
  title={Mapping the terrestrial ecoregions of the Purus-Madeira interfluve in the Amazon Forest using machine learning techniques},
  author={Ximenes, Arimat{\'e}a C and Amaral, Silvana and Monteiro, Ant{\^o}nio Miguel Vieira and Almeida, Rodolfo Maduro and Valeriano, Dalton Morrison},
  journal={Forest Ecology and Management},
  volume={488},
  pages={118960},
  year={2021},
  publisher={Elsevier}
}

@article{ayanlade2017comparing,
  title={Comparing smallholder farmers’ perception of climate change with meteorological data: A case study from southwestern Nigeria},
  author={Ayanlade, Ayansina and Radeny, Maren and Morton, John F},
  journal={Weather and climate extremes},
  volume={15},
  pages={24--33},
  year={2017},
  publisher={Elsevier}
}

@article{arshad2017climate,
  title={Climate variability, farmland value, and farmers’ perceptions of climate change: implications for adaptation in rural Pakistan},
  author={Arshad, Muhammad and K{\"a}chele, Harald and Krupnik, Timothy J and Amjath-Babu, TS and Aravindakshan, Sreejith and Abbas, Azhar and Mehmood, Yasir and M{\"u}ller, Klaus},
  journal={International Journal of Sustainable Development \& World Ecology},
  volume={24},
  number={6},
  pages={532--544},
  year={2017},
  publisher={Taylor \& Francis}
}

@article{morelli2020climate,
  title={Climate-change refugia: biodiversity in the slow lane},
  author={Morelli, Toni Lyn and Barrows, Cameron W and Ramirez, Aaron R and Cartwright, Jennifer M and Ackerly, David D and Eaves, Tatiana D and Ebersole, Joseph L and Krawchuk, Meg A and Letcher, Benjamin H and Mahalovich, Mary F and others},
  journal={Frontiers in Ecology and the Environment},
  volume={18},
  number={5},
  pages={228--234},
  year={2020},
  publisher={Wiley Online Library}
}
@Comment{jabref-meta: databaseType:bibtex;}
